%% This BibTeX bibliography file was created using BibDesk.
%% http://bibdesk.sourceforge.net/


%% Created for Jonathan Ginsburg at 2015-01-01 01:30:58 -0600 


%% Saved with string encoding Unicode (UTF-8) 



@book{herstein,
	Author = {Herstein, Israel Nathan},
	Date-Added = {2015-01-01 07:28:01 +0000},
	Date-Modified = {2015-01-01 07:30:55 +0000},
	Keywords = {algebra},
	Publisher = {John Wiley \& Sons},
	Title = {Topics in algebra},
	Year = {2006}}

@book{boole,
	Author = {Boole, George},
	Date-Added = {2015-01-01 06:42:00 +0000},
	Date-Modified = {2015-01-01 07:30:49 +0000},
	Keywords = {logic},
	Publisher = {Walton and Maberly},
	Title = {An investigation of the laws of thought: on which are founded the mathematical theories of logic and probabilities},
	Volume = {2},
	Year = {1854}}
